@misc{ OpenCVRGBGRAY,
       author = "OpenCV",
       title = "Color conversions",
       year = "2016",
       url = "https://docs.opencv.org/3.1.0/de/d25/imgproc_color_conversions.html",
       note = "[Internet; descargado 23-junio-2018]
       \url{https://docs.opencv.org/3.1.0/de/d25/imgproc_color_conversions.html}"
}

@misc{ wikiotsu,
       author = "Wikipedia",
       title = "Otsu's method",
       year = "2018",
       url = "https://en.wikipedia.org/wiki/Otsu%27s_method",
       note = "[Internet; descargado 23-junio-2018]
       \url{https://en.wikipedia.org/wiki/Otsu%27s_method}"
}

@misc{ hsl_hsv,
       author = "Wikipedia",
       title = "HSL and HSV",
       year = "2018",
       url = "https://en.wikipedia.org/wiki/HSL_and_HSV",
       note = "[Internet; descargado 23-junio-2018]
       \url{https://en.wikipedia.org/wiki/HSL_and_HSV}"
}

@misc{ track_hsv,
       author = "OpenCV",
       title = "Changing Colorspaces",
       year = "2018",
       url = "https://docs.opencv.org/3.4.1/df/d9d/tutorial_py_colorspaces.html",
       note = "[Internet; descargado 23-junio-2018]
       \url{https://docs.opencv.org/3.4.1/df/d9d/tutorial_py_colorspaces.html}"
}

@misc{ persp_trans,
       author = "OpenCV",
       title = "Geometric Transformations of Images",
       year = "2014",
       url = "https://docs.opencv.org/3.0-beta/doc/py_tutorials/py_imgproc/py_geometric_transformations/py_geometric_transformations.html",
       note = "[Internet; descargado 23-junio-2018]
       \url{https://docs.opencv.org/3.0-beta/doc/py_tutorials/py_imgproc/py_geometric_transformations/py_geometric_transformations.htmll}"
}

@misc{ canny_edge,
       author = "Wikipedia",
       title = "Canny edge detector",
       year = "2018",
       url = "https://en.wikipedia.org/wiki/Canny_edge_detector",
       note = "[Internet; descargado 23-junio-2018]
       \url{https://en.wikipedia.org/wiki/Canny_edge_detector}"
}

@misc{ canny_doc,
       author = "OpenCV",
       title = "Feature Detection",
       year = "2015",
       url = "https://docs.opencv.org/3.1.0/dd/d1a/group__imgproc__feature.html#ga04723e007ed888ddf11d9ba04e2232de",
       note = "[Internet; descargado 23-junio-2018]
       \url{https://docs.opencv.org/3.1.0/dd/d1a/group__imgproc__feature.html#ga04723e007ed888ddf11d9ba04e2232de}"
}

@misc{ pep8,
       author = "Python",
       title = "PEP 8 -- Style Guide for Python Code",
       year = "2013",
       url = "https://www.python.org/dev/peps/pep-0008/?",
       note = "[Internet; descargado 23-junio-2018]
       \url{https://www.python.org/dev/peps/pep-0008/?}"
}



