@misc{ scrum,
       author = "Wikipedia",
       title = "Scrum (desarrollo de software)",
       year = "2018",
       url = "https://es.wikipedia.org/wiki/Scrum_(desarrollo_de_software)",
       note = "[Internet; consultado 27-junio-2018] \url{https://es.wikipedia.org/wiki/Scrum_(desarrollo_de_software)}"
}
     
@misc{ release,
       author = "Wikipedia",
       title = "Software release life cycle",
       year = "2018",
       url = "https://en.wikipedia.org/wiki/Software_release_life_cycle",
       note = "[Internet; consultado 27-junio-2018] \url{https://en.wikipedia.org/wiki/Software_release_life_cycle}"
}

@misc{ diario,
       author = "Antonio de los Mozos Alonso",
       title = "Diario de Pruebas",
       year = "2018",
       url = "https://github.com/ama0114/TFG-OpenCV/blob/master/Documentaci%C3%B3n/Diario.txt",
       note = "[Internet; consultado 27-junio-2018] \url{https://github.com/ama0114/TFG-OpenCV/blob/master/Documentaci%C3%B3n/Diario.txt}"
}

     
     
     